<record><leader>00000cas a22000007a 4500</leader><controlfield tag="001">20818657</controlfield><controlfield tag="008">891226d19331935nduwr ne      0    0eng d</controlfield><datafield ind1=" " ind2=" " tag="010"><subfield code="a">sn 89074469 </subfield></datafield><datafield ind1=" " ind2=" " tag="040"><subfield code="a">NOP</subfield><subfield code="b">eng</subfield><subfield code="c">NOP</subfield><subfield code="d">OCLCQ</subfield></datafield><datafield ind1=" " ind2=" " tag="042"><subfield code="a">msc</subfield></datafield><datafield ind1="0" ind2=" " tag="130"><subfield code="a">Fargo news (Fargo, N.D.)</subfield></datafield><datafield ind1="1" ind2="4" tag="245"><subfield code="a">The Fargo news.</subfield></datafield><datafield ind1="1" ind2="3" tag="246"><subfield code="a">Fargo news and blade</subfield></datafield><datafield ind1="1" ind2="3" tag="246"><subfield code="a">Fargo news and Fargo blade</subfield></datafield><datafield ind1=" " ind2=" " tag="260"><subfield code="a">Fargo, N.D. :</subfield><subfield code="b">Fargo News Pub. Co.</subfield></datafield><datafield ind1=" " ind2=" " tag="300"><subfield code="a">3 v. :</subfield><subfield code="b">ill. ;</subfield><subfield code="c">44 cm.</subfield></datafield><datafield ind1=" " ind2=" " tag="310"><subfield code="a">Weekly</subfield></datafield><datafield ind1="0" ind2=" " tag="362"><subfield code="a">Vol. 19, no. 16 (July 14, 1933)-</subfield></datafield><datafield ind1="1" ind2=" " tag="362"><subfield code="a">Ceased Oct. 25, 1935?</subfield></datafield><datafield ind1=" " ind2=" " tag="500"><subfield code="a">Published as: Fargo news and blade, Sept. 28, 1933-Sept. 21, 1934.</subfield></datafield><datafield ind1=" " ind2=" " tag="500"><subfield code="a">Publisher's block title: The Fargo news and Fargo blade, Aug. 31, 1934-Oct. 25, 1935.</subfield></datafield><datafield ind1=" " ind2=" " tag="530"><subfield code="a">Available on microfilm from the State Historical Society of North Dakota.</subfield></datafield><datafield ind1=" " ind2=" " tag="752"><subfield code="a">United States</subfield><subfield code="b">North Dakota</subfield><subfield code="c">Cass</subfield><subfield code="d">Fargo.</subfield></datafield><datafield ind1="0" ind2="0" tag="780"><subfield code="t">Fargo blade</subfield><subfield code="w">(DLC)sn 89074468</subfield></datafield></record>